@book{latex,
  title = {LaTeX : A Documentation Preparation System User's Guide and Reference Manual},
  publisher = {Addison-Wesley Professional},
  year = {1994},
  author = {Leslie Lamport}
}

@inproceedings{andolfatto2016simulation,
  title={Simulation of energy recovery on water utility networks by a micro-turbine with counter-rotating runners.},
  author={Andolfatto, L and Vagnoni, E and Hasmatuchi, V and M{\"u}nch-Allign{\'e}, C and Avellan, F},
  booktitle={IOP Conference Series: Earth and Environmental Science},
  volume={49},
  number={10},
  pages={102012},
  year={2016},
  organization={IOP Publishing}
}

@inproceedings{andolfatto2015mixed,
  title={A mixed standard/custom design strategy to minimize cost and maximize efficiency for Picohydro power potential harvesting},
  author={Andolfatto, Lo{\"\i}c and Euzenat, Charly and Vagnoni, Elena and M{\"u}nch-Allign{\'e}, C{\'e}cile and Avellan, Fran{\c{c}}ois},
  booktitle={2015 5th International Youth Conference on Energy (IYCE)},
  pages={1--8},
  year={2015},
  organization={IEEE}
}

@book{anton1979turbine,
  title={Turbine hidraulice},
  author={Anton, Ioan},
  year={1979},
  publisher={Facla}
}

@inproceedings{biner2016engineering,
  title={Engineering \& performance of DuoTurbo: microturbine with counter-rotating runners},
  author={Biner, D and Hasmatuchi, V and Violante, D and Richard, S and Chevailler, S and Andolfatto, L and Avellan, F and M{\"u}nch, C},
  booktitle={IOP Conference Series: Earth and Environmental Science},
  volume={49},
  number={10},
  pages={102013},
  year={2016},
  organization={IOP Publishing}
}

@inproceedings{biner2015design,
  title={Design \& performance of a hydraulic micro-turbine with counter-rotating runners},
  author={Biner, Daniel and Hasmatuchi, V and Avellan, F and M{\"u}nch-Allign{\'e}, C},
  booktitle={2015 5th International Youth Conference on Energy (IYCE)},
  pages={1--10},
  year={2015},
  organization={IEEE}
}

@book{gentner2000experimentelle,
  title={Experimentelle und numerische Untersuchung der instation{\"a}ren Str{\"o}mung in einer Axialturbine},
  author={Gentner, Christof},
  number={BOOK},
  year={2000},
  publisher={Universit{\"a}t Stuttgart, Institut f{\"u}r Hydraulische Str{\"o}mungsmaschinen}
}

@inproceedings{hasmatuchi2014new,
  title={New Counter-Rotating Micro-Hydro Turbine for Drinking Water Systems},
  author={Hasmatuchi, V and M{\"u}nch, C and Gabathuler, S and Chevailler, S and Avellan, F},
  booktitle={Hidroenergia 2014},
  year={2014}
}

@inproceedings{GREES_2014,
  title={Axiale entspannungsturbine zur druckreduktion von arbeitsfluiden zur
  rueckgewinnung elektrischer energie.},
  author={Andreas Neipp},
  year={2014}
}

@book{resiga2003mecanica,
  title={Mecanica fluidelor numeric{\u{a}}},
  author={Resiga, Romeo},
  year={2003},
  publisher={Timi{\c{s}}oara: Editura Orizonturi Universitare}
}

@book{CASCADExpert,
  title={CASCADExpert Reference Manual},
  author={Resiga, Romeo},
  year={2005}
}

@article{susanhub,
  title={ON THE HUB-TO-SHROUD RATIO OF AN AXIAL EXPANSION TURBINE FOR ENERGY RECOVERY},
  author={SUSAN-RESIGA, Romeo and MUNTEAN, Sebastian and STUPARU, Adrian and NEIPP, Andreas and RUPRECHT, Albert and RIEDELBAUCH, Stefan},
  journal={International Meeting of the Workgroup on Cavitation and Dynamic Problems in Hydraulic Machinery and Systems},
  pages = "104--115",
  year = "2015"
}

@book{neipp2017zweistufige,
  title={Ein-und zweistufige axiale Entspannungsturbine zur Energiegewinnung},
  author={Neipp, Andreas},
  year={2017},
  publisher={Institut f{\"u}r Str{\"o}mungsmechanik und Hydraulische Str{\"o}mungsmaschinen}
}